<marc:record>
<marc:leader>01429cam a2200385 a 4500</marc:leader>
<marc:controlfield tag="001">199132</marc:controlfield>
<marc:controlfield tag="005">20141120170644.0</marc:controlfield>
<marc:controlfield tag="008">851216m17691770ie            000 0 eng d</marc:controlfield>
<marc:datafield ind1=" " ind2=" " tag="035">
<marc:subfield code="a">(OCoLC)ocm16109737</marc:subfield>
</marc:datafield>
<marc:datafield ind1=" " ind2=" " tag="035">
<marc:subfield code="a">(OCoLC)16109737</marc:subfield>
</marc:datafield>
<marc:datafield ind1=" " ind2=" " tag="035">
<marc:subfield code="a">(CStRLIN)PAUG85-B44324</marc:subfield>
</marc:datafield>
<marc:datafield ind1=" " ind2=" " tag="035">
<marc:subfield code="a">(CaOTULAS)121281761</marc:subfield>
</marc:datafield>
<marc:datafield ind1=" " ind2=" " tag="035">
<marc:subfield code="9">ABC4032</marc:subfield>
</marc:datafield>
<marc:datafield ind1=" " ind2=" " tag="035">
<marc:subfield code="a">199132</marc:subfield>
</marc:datafield>
<marc:datafield ind1=" " ind2=" " tag="040">
<marc:subfield code="a">PU</marc:subfield>
<marc:subfield code="c">PU</marc:subfield>
</marc:datafield>
<marc:datafield ind1=" " ind2=" " tag="090">
<marc:subfield code="a">PR3291.A1</marc:subfield>
<marc:subfield code="b">C56 1769</marc:subfield>
<marc:subfield code="i">12/17/85 CT</marc:subfield>
</marc:datafield>
<marc:datafield ind1="0" ind2="0" tag="245">
<marc:subfield code="a">Constantia, or, The distress'd friend :</marc:subfield>
<marc:subfield code="b">a novel.</marc:subfield>
</marc:datafield>
<marc:datafield ind1="1" ind2="0" tag="246">
<marc:subfield code="a">Constantia; or, The distress'd friend. A novel. In two volumes.</marc:subfield>
<marc:subfield code="d">Letter-press</marc:subfield>
<marc:subfield code="g">Half</marc:subfield>
<marc:subfield code="x">Work</marc:subfield>
<marc:subfield code="v">v.1</marc:subfield>
</marc:datafield>
<marc:datafield ind1="1" ind2="0" tag="246">
<marc:subfield code="a">Constantia; or, The distress'd friend. A novel. Vol. I.</marc:subfield>
<marc:subfield code="d">Letter-press</marc:subfield>
<marc:subfield code="g">Full</marc:subfield>
<marc:subfield code="x">Volume</marc:subfield>
<marc:subfield code="v">v.1</marc:subfield>
</marc:datafield>
<marc:datafield ind1="1" ind2="0" tag="246">
<marc:subfield code="a">Constantia; or, The distress'd friend. A novel. Vol. II.</marc:subfield>
<marc:subfield code="d">Letter-press</marc:subfield>
<marc:subfield code="g">Full</marc:subfield>
<marc:subfield code="x">Volume</marc:subfield>
<marc:subfield code="v">v.2</marc:subfield>
</marc:datafield>
<marc:datafield ind1="1" ind2="0" tag="246">
<marc:subfield code="a">An allegorical, moral, dramatic, musical entertainment. By way of epithalamium.</marc:subfield>
<marc:subfield code="d">Letter-press</marc:subfield>
<marc:subfield code="g">Half</marc:subfield>
<marc:subfield code="v">v.2</marc:subfield>
<marc:subfield code="x">Section</marc:subfield>
</marc:datafield>
<marc:datafield ind1=" " ind2=" " tag="260">
<marc:subfield code="a">Dublin</marc:subfield>
<marc:subfield code="b">Printed for the author, by Dillon Chamberlaine, in Dame Street, facing Fownes's Street.</marc:subfield>
<marc:subfield code="c">MDCCLXX.</marc:subfield>
<marc:subfield code="c">1770</marc:subfield>
<marc:subfield code="v">v.1</marc:subfield>
</marc:datafield>
<marc:datafield ind1=" " ind2=" " tag="260">
<marc:subfield code="a">Dublin</marc:subfield>
<marc:subfield code="b">Printed for the author, by Dillon Chamberlaine, in Dame Street, facing Fownes's Street.</marc:subfield>
<marc:subfield code="c">MDCCLXIX.</marc:subfield>
<marc:subfield code="c">1769</marc:subfield>
<marc:subfield code="v">v.2</marc:subfield>
</marc:datafield>
<marc:datafield ind1=" " ind2=" " tag="261">
<marc:subfield code="b">Printed... by Dillon Chamberlaine, in Dame Street, facing Fownes's Street.</marc:subfield>
<marc:subfield code="f">Dillon Chamberlaine</marc:subfield>
</marc:datafield>
<marc:datafield ind1=" " ind2=" " tag="300">
<marc:subfield code="a">2 v. ([4], 279, [5] p.) ;</marc:subfield>
<marc:subfield code="c">17 cm. (12mo)</marc:subfield>
<marc:subfield code="x">Duodecimo</marc:subfield>
<marc:subfield code="z">In two volumes</marc:subfield>
</marc:datafield>
<marc:datafield ind1=" " ind2=" " tag="500">
<marc:subfield code="a">Vol. 1 dated 1770; vol. 2 dated 1769.</marc:subfield>
</marc:datafield>
<marc:datafield ind1=" " ind2=" " tag="500">
<marc:subfield code="a">Advertisements on p. [2]-[3] (3rd count).</marc:subfield>
</marc:datafield>
<marc:datafield ind1=" " ind2=" " tag="500">
<marc:subfield code="a">Bookplate, front paste-down endpaper, reads: "Library of the University of Pennsylvania -- The Godfrey F. Singer Memorial Presented by Mr. and Mrs. Jacob Singer."</marc:subfield>
</marc:datafield>
<marc:datafield ind1=" " ind2=" " tag="500">
<marc:subfield code="a">Library marginalia: red ink, on bookplate; pencil, verso of full TP and p[1]; pencil, verso back free endpaper.</marc:subfield>
</marc:datafield>
<marc:datafield ind1=" " ind2=" " tag="500">
<marc:subfield code="a">P. 203 mislabeled as p. 223.</marc:subfield>
</marc:datafield>
<marc:datafield ind1=" " ind2=" " tag="500">
<marc:subfield code="a">Chunk of possibly molding matter on page 271</marc:subfield>
</marc:datafield>
<marc:datafield ind1="4" ind2=" " tag="510">
<marc:subfield code="a">ESTC (RLIN)</marc:subfield>
<marc:subfield code="c">N5320</marc:subfield>
</marc:datafield>
<marc:datafield ind1=" " ind2=" " tag="520">
<marc:subfield code="a">Advertisement</marc:subfield>
<marc:subfield code="b">Advertisement.</marc:subfield>
<marc:subfield code="c">Back</marc:subfield>
<marc:subfield code="x">Transcription: "Mr. Standish presents his compliments to the world; begs leave to assure them, that he has not varied in the smallest tittle [sic] from the original letters, of which the preceding volumes are composed..."</marc:subfield>
<marc:subfield code="x">Notes that spelling of the letters has been "moderniz[ed]", with u's removed from words like favor and honor. "[T]ho' not universally adopted by that learned lexicographer Doctor Samuel Johnson, yet Mr. Standish cannot help recommending it as a very useful refinement, because people of fashion may safely affirm upon their honor, or promise to grant a favor, without being at all bound to U in either" (p. 280).</marc:subfield>
<marc:subfield code="v">v.2</marc:subfield>
</marc:datafield>
<marc:datafield ind1=" " ind2=" " tag="520">
<marc:subfield code="a">Errata</marc:subfield>
<marc:subfield code="b">Errata.</marc:subfield>
<marc:subfield code="c">Back</marc:subfield>
<marc:subfield code="v">v.2</marc:subfield>
</marc:datafield>
<marc:datafield ind1=" " ind2=" " tag="520">
<marc:subfield code="a">Other</marc:subfield>
<marc:subfield code="b">An allegorical, moral, dramatic musical entertainment. By way of epithalamium.</marc:subfield>
<marc:subfield code="c">Back</marc:subfield>
<marc:subfield code="x">Short play, with TP and dramatis personæ, 6pgs long. Supposedly written by Standish, one of the characters, for the wedding of several other characters.</marc:subfield>
<marc:subfield code="v">v.2</marc:subfield>
</marc:datafield>
<marc:datafield ind1=" " ind2=" " tag="520">
<marc:subfield code="a">Footnote</marc:subfield>
<marc:subfield code="c">Middle</marc:subfield>
<marc:subfield code="c">Other</marc:subfield>
<marc:subfield code="x">Four footnotes, p.42 giving info about a work mentioned in the text; p. 207 identifying a character as "A Jew, famous for his nice calculations in pecuniary matters"; p. 266 translating a line of Latin that appears in the text; and p.276, in the epithalamium, explaining an allusion in the dramatic dialogue.</marc:subfield>
<marc:subfield code="v">v.1</marc:subfield>
<marc:subfield code="v">v.2</marc:subfield>
</marc:datafield>
<marc:datafield ind1=" " ind2=" " tag="590">
<marc:subfield code="a">Bound in 1 volume.</marc:subfield>
</marc:datafield>
<marc:datafield ind1=" " ind2=" " tag="591">
<marc:subfield code="a">(in Greek)</marc:subfield>
<marc:subfield code="2">Lucian</marc:subfield>
<marc:subfield code="v">v.1</marc:subfield>
<marc:subfield code="x">Located on full TP.</marc:subfield>
</marc:datafield>
<marc:datafield ind1=" " ind2=" " tag="591">
<marc:subfield code="a">Litera scripta manet.</marc:subfield>
<marc:subfield code="c">Horace</marc:subfield>
<marc:subfield code="d">The written word remains</marc:subfield>
<marc:subfield code="v">v.2</marc:subfield>
<marc:subfield code="x">Source of translation: Wired article. http://archive.wired.com/wired/archive/1.02/1.2_saffo_pr.html</marc:subfield>
</marc:datafield>
<marc:datafield ind1=" " ind2=" " tag="592">
<marc:subfield code="a">Epistolary</marc:subfield>
<marc:subfield code="c">Poems</marc:subfield>
<marc:subfield code="c">Theatrical dialogue</marc:subfield>
<marc:subfield code="x">Poems included in characters' letters on pp. 80-1, 202-3 (mislabeled as 223).</marc:subfield>
</marc:datafield>
<marc:datafield ind1=" " ind2=" " tag="595">
<marc:subfield code="a">Pencil</marc:subfield>
<marc:subfield code="b">Numbers</marc:subfield>
<marc:subfield code="x">Located on back paste-down endpaper. Transcription: "8/6"</marc:subfield>
</marc:datafield>
<marc:datafield ind1=" " ind2=" " tag="595">
<marc:subfield code="a">Pencil</marc:subfield>
<marc:subfield code="b">Drawings</marc:subfield>
<marc:subfield code="x">Located on second front free endpaper, recto. Faint pencil but hard pressed into the paper. Seems to be a man in coat with a walking stick and either a hat or wig.</marc:subfield>
</marc:datafield>
<marc:datafield ind1=" " ind2=" " tag="599">
<marc:subfield code="a">Editor (text)</marc:subfield>
<marc:subfield code="b">Proper name</marc:subfield>
<marc:subfield code="2">Mr. Standish</marc:subfield>
<marc:subfield code="3">Advertisement</marc:subfield>
<marc:subfield code="5">Male</marc:subfield>
<marc:subfield code="7">Author claim by a fictional character.</marc:subfield>
</marc:datafield>
<marc:datafield ind1=" " ind2=" " tag="599">
<marc:subfield code="a">Author (paratext)</marc:subfield>
<marc:subfield code="b">Proper name</marc:subfield>
<marc:subfield code="2">Mr. Standish</marc:subfield>
<marc:subfield code="3">Advertisement</marc:subfield>
<marc:subfield code="5">Male</marc:subfield>
<marc:subfield code="7">Author claim by a fictional character.</marc:subfield>
</marc:datafield>
<marc:datafield ind1=" " ind2="4" tag="650">
<marc:subfield code="a">CHR 1769-1770</marc:subfield>
</marc:datafield>
<marc:datafield ind1=" " ind2="4" tag="650">
<marc:subfield code="a">CHR 1770</marc:subfield>
</marc:datafield>
<marc:datafield ind1=" " ind2="4" tag="650">
<marc:subfield code="a">PRO Singer, Jacob (donor)</marc:subfield>
</marc:datafield>
<marc:datafield ind1=" " ind2="4" tag="650">
<marc:subfield code="a">PRO Singer, Leah (donor)</marc:subfield>
</marc:datafield>
<marc:datafield ind1=" " ind2="4" tag="650">
<marc:subfield code="a">PRO Singer, Godfrey F. (honoree)</marc:subfield>
</marc:datafield>
<marc:datafield ind1=" " ind2="7" tag="655">
<marc:subfield code="a">Epistolary fiction</marc:subfield>
<marc:subfield code="z">Ireland</marc:subfield>
<marc:subfield code="z">Dublin</marc:subfield>
<marc:subfield code="y">18th century.</marc:subfield>
<marc:subfield code="2">rbgenr</marc:subfield>
</marc:datafield>
<marc:datafield ind1=" " ind2="7" tag="655">
<marc:subfield code="a">Advertisements</marc:subfield>
<marc:subfield code="z">Ireland</marc:subfield>
<marc:subfield code="z">Dublin</marc:subfield>
<marc:subfield code="y">18th century.</marc:subfield>
<marc:subfield code="2">rbgenr</marc:subfield>
</marc:datafield>
<marc:datafield ind1=" " ind2="7" tag="656">
<marc:subfield code="a">Mixed Genre</marc:subfield>
<marc:subfield code="b">Back</marc:subfield>
<marc:subfield code="c">Same printer</marc:subfield>
</marc:datafield>
<marc:datafield ind1=" " ind2=" " tag="700">
<marc:subfield code="a">Horace</marc:subfield>
<marc:subfield code="4">Author (epigraph)</marc:subfield>
<marc:subfield code="5">Authorized</marc:subfield>
</marc:datafield>
<marc:datafield ind1=" " ind2=" " tag="700">
<marc:subfield code="a">Lucian, of Samosata</marc:subfield>
<marc:subfield code="4">Author (epigraph)</marc:subfield>
<marc:subfield code="5">Authorized</marc:subfield>
</marc:datafield>
<marc:datafield ind1=" " ind2=" " tag="700">
<marc:subfield code="a">Chamberlaine, Dillon</marc:subfield>
<marc:subfield code="d">17..-1790</marc:subfield>
<marc:subfield code="4">Printed by</marc:subfield>
<marc:subfield code="5">Authorized</marc:subfield>
</marc:datafield>
<marc:datafield ind1="2" ind2=" " tag="710">
<marc:subfield code="a">Early Novels</marc:subfield>
<marc:subfield code="5">University of Pennsylvania</marc:subfield>
</marc:datafield>
<marc:datafield ind1="2" ind2=" " tag="710">
<marc:subfield code="a">Collection of British and American Fiction, 1660-1830 (University of Pennsylvania)</marc:subfield>
<marc:subfield code="5">PU</marc:subfield>
</marc:datafield>
<marc:datafield ind1="0" ind2=" " tag="740">
<marc:subfield code="a">Distress'd friend.</marc:subfield>
</marc:datafield>
<marc:datafield ind1=" " ind2=" " tag="752">
<marc:subfield code="a">Ireland</marc:subfield>
<marc:subfield code="d">Dublin.</marc:subfield>
</marc:datafield>
<marc:datafield ind1=" " ind2=" " tag="950">
<marc:subfield code="l">RBC</marc:subfield>
<marc:subfield code="e">\\Singer-\Menden-\hall\</marc:subfield>
<marc:subfield code="v">2 v.</marc:subfield>
<marc:subfield code="i">12/17/85 C</marc:subfield>
</marc:datafield>
<marc:datafield ind1=" " ind2=" " tag="955">
<marc:subfield code="l">RBC</marc:subfield>
<marc:subfield code="c">1</marc:subfield>
<marc:subfield code="q">725486</marc:subfield>
<marc:subfield code="s">g. Mr. and Mrs. Jacob Singer</marc:subfield>
<marc:subfield code="s">in 1</marc:subfield>
<marc:subfield code="i">12/17/85 C</marc:subfield>
</marc:datafield>
<marc:datafield ind1=" " ind2=" " tag="989">
<marc:subfield code="5">Constantia</marc:subfield>
<marc:subfield code="3">Distress'd</marc:subfield>
<marc:subfield code="3">Distressed</marc:subfield>
<marc:subfield code="2">Friend</marc:subfield>
<marc:subfield code="2">Novel</marc:subfield>
<marc:subfield code="3">Two</marc:subfield>
<marc:subfield code="2">Volume</marc:subfield>
</marc:datafield>
<marc:datafield ind1=" " ind2=" " tag="999">
<marc:subfield code="a">NB</marc:subfield>
<marc:subfield code="b">7/10/15</marc:subfield>
<marc:subfield code="c">Swarthmore College</marc:subfield>
<marc:subfield code="d">YDS</marc:subfield>
</marc:datafield>
</marc:record>